@misc{arts_ssdb,
  author       = {Robin Ekelund and Manfred Brath and Jana Mendrok and Patrick Eriksson},
  title        = {{ARTS Microwave Single Scattering Properties 
                   Database}},
  month        = feb,
  year         = 2018,
  doi          = {10.5281/zenodo.1175573},
  url          = {https://doi.org/10.5281/zenodo.1175573}
}

@article{delanoe,
  title={Normalized particle size distribution for remote sensing application},
  author={Delano{\"e}, JME and Heymsfield, Andrew J and Protat, Alain and Bansemer, Aaron and Hogan, RJ},
  journal={Journal of Geophysical Research: Atmospheres},
  volume={119},
  number={7},
  pages={4204--4227},
  year={2014},
  publisher={Wiley Online Library}
}

@article{arts,
  title={ARTS, the Atmospheric Radiative Transfer Simulator-version 2.2},
  author={Buehler, Stefan A and Mendrok, Jana and Eriksson, Patrick and Perrin, Agn{\`e}s and Larsson, Richard and Lemke, Oliver},
  journal={Geoscientific Model Development},
  volume={11},
  number={4},
  pages={1537--1556},
  year={2018},
  publisher={Copernicus Publ.}
}
